@misc{Ethiopia52:online,
author = {Huw Edwards},
title = {Ethiopian Airlines Crash: Pilots not to blame - BBC News - YouTube},
howpublished = {\url{https://www.youtube.com/watch?v=662-EJAqXZw}},
month = {},
year = {},
note = {(Accessed on 11/30/2019)}
}
@misc{4RogueBo73:online,
author = {},
title = {(4) Rogue Boeing 737 Max planes ‘with minds of their own’ | 60 Minutes Australia - YouTube},
howpublished = {\url{https://www.youtube.com/watch?v=QytfYyHmxtc}},
month = {},
year = {},
note = {(Accessed on 12/03/2019)}
}
@misc{Therealr56:online,
author = {Julie Even},
title = {The real reason Boeing's new plane crashed twice - YouTube},
howpublished = {\url{https://www.youtube.com/watch?v=H2tuKiiznsY}},
month = {},
year = {},
note = {(Accessed on 12/03/2019)}
}
@misc{AirbusA376:online,
author = {},
title = {Airbus A320neo vs Boeing 737MAX - Orders and Commitments},
howpublished = {\url{http://www.pdxlight.com/neomax.htm}},
month = {},
year = {},
note = {(Accessed on 12/03/2019)}
}
@misc{Families79:online,
author = {Resty Woro Yuniar},
title = {Families of Lion Air crash victims ask why Boeing 737 MAX not grounded before deadly Ethiopian Airlines accident | South China Morning Post},
howpublished = {\url{https://www.scmp.com/week-asia/society/article/3001758/families-lion-air-crash-victims-ask-why-boeing-737-max-not}},
month = {},
year = {},
note = {(Accessed on 12/04/2019)}
}
@misc{American37:online,
author = {Edward Helmore},
title = {American Airlines union: blaming pilots for Boeing 737 Max crashes 'inexcusable' | Business | The Guardian},
howpublished = {\url{https://www.theguardian.com/business/2019/may/23/boeing-737-max-crashes-american-airlines-pilots-union-mcas}},
month = {},
year = {},
note = {(Accessed on 12/04/2019)}
}
@misc{LionAirp71:online,
author = {Gwyn Topham},
title = {Lion Air pilots were looking at handbook when plane crashed | World news | The Guardian},
howpublished = {\url{https://www.theguardian.com/world/2019/mar/20/lion-air-pilots-were-looking-at-handbook-when-plane-crashed}},
month = {},
year = {},
note = {(Accessed on 12/04/2019)}
}
@misc{statemen88:online,
author = {Engineering Council
},
title = {statement-of-ethical-principles-2014.pdf},
howpublished = {\url{https://www.engc.org.uk/media/2337/statement-of-ethical-principles-2014.pdf}},
month = {},
year = {},
note = {(Accessed on 12/04/2019)}
}
@misc{Conseque99:online,
author = {},
title = {Consequentialism - Wikipedia},
howpublished = {\url{https://en.wikipedia.org/wiki/Consequentialism}},
month = {},
year = {},
note = {(Accessed on 12/04/2019)}
}
@misc{IEEEIEEE41:online,
author = {IEEE},
title = {IEEE - IEEE Code of Ethics},
howpublished = {\url{https://www.ieee.org/about/corporate/governance/p7-8.html}},
month = {},
year = {},
note = {(Accessed on 12/04/2019)}
}
@misc{6BoeingC1:online,
author = {},
title = {Boeing CEO promises software update soon to address 737 MAX crash concerns - YouTube},
howpublished = {\url{https://www.youtube.com/watch?v=j1VOAsH3894}},
month = {},
year = {},
note = {(Accessed on 12/04/2019)}
}